@article{SemizDYS15,
    author = "Semiz, İbrahim and Oğur, Salim",
    year = 2015,
    month = 03,
    title = "Dyson Spheres around White Dwarfs"
}